@article{abido2002optimal,
  title={Optimal power flow using tabu search algorithm},
  author={Abido, MA},
  journal={Electric power components and systems},
  volume={30},
  number={5},
  pages={469--483},
  year={2002},
  publisher={Taylor \& Francis}
}

@article{anand2011surrogate,
	title={Surrogate model development for fuels for advanced combustion engines},
	author={Anand, Krishnasamy and Ra, Youngchul and Reitz, Rolf D and Bunting, B},
	journal={Energy \& Fuels},
	volume={25},
	number={4},
	pages={1474--1484},
	year={2011},
	publisher={ACS Publications}
}

@article{barton2006metamodel,
	title={Metamodel-based simulation optimization},
	author={Barton, Russell R and Meckesheimer, Martin},
	journal={Handbooks in operations research and management science},
	volume={13},
	pages={535--574},
	year={2006},
	publisher={Elsevier}
}

@article{braconnier2011towards,
	title={Towards an adaptive POD/SVD surrogate model for aeronautic design},
	author={Braconnier, T and Ferrier, M and Jouhaud, J-C and Montagnac, M and Sagaut, P},
	journal={Computers \& Fluids},
	volume={40},
	number={1},
	pages={195--209},
	year={2011},
	publisher={Elsevier}
}

@article{coello2004handling,
	title={Handling multiple objectives with particle swarm optimization},
	author={Coello, Carlos A Coello and Pulido, Gregorio Toscano and Lechuga, M Salazar},
	journal={IEEE Transactions on evolutionary computation},
	volume={8},
	number={3},
	pages={256--279},
	year={2004},
	publisher={IEEE}
}

@article{barton2006metamodel,
	title={Ensemble Method},
	author={David Chen},
	year={2018}
}

@inproceedings{elghali2007marine,
	title={Marine tidal current electric power generation technology: State of the art and current status},
	author={Elghali, SE Ben and Benbouzid, MEH and Charpentier, Jean Fr{\'e}d{\'e}ric},
	booktitle={2007 IEEE International Electric Machines \& Drives Conference},
	volume={2},
	pages={1407--1412},
	year={2007},
	organization={IEEE}
}

@article{frigge1989some,
	title={Some implementations of the boxplot},
	author={Frigge, Michael and Hoaglin, David C and Iglewicz, Boris},
	journal={The American Statistician},
	volume={43},
	number={1},
	pages={50--54},
	year={1989},
	publisher={Taylor \& Francis Group}
}

@article{haupt2004practical,
	title={Practical genetic algorithms},
	author={Haupt, Randy L and Ellen Haupt, Sue},
	year={2004},
	publisher={Wiley Online Library}
}

@incollection{heermann1990computer,
	title={Computer-simulation methods},
	author={Heermann, Dieter W},
	booktitle={Computer Simulation Methods in Theoretical Physics},
	pages={8--12},
	year={1990},
	publisher={Springer}
}

@article{holland1992genetic,
	title={Genetic algorithms},
	author={Holland, John H},
	journal={Scientific american},
	volume={267},
	number={1},
	pages={66--73},
	year={1992},
	publisher={JSTOR}
}

@article{james2017simulating,
	title={Simulating current-energy converters: SNL-EFDC model development, verification, and parameter estimation},
	author={James, Scott C and Johnson, Erick L and Barco, Janet and Roberts, Jesse D},
	journal={Renewable Energy},
	year={2017},
	publisher={Elsevier}
}

@article{kang2016slope,
	title={Slope reliability analysis using surrogate models via new support vector machines with swarm intelligence},
	author={Kang, Fei and Xu, Qing and Li, Junjie},
	journal={Applied Mathematical Modelling},
	volume={40},
	number={11-12},
	pages={6105--6120},
	year={2016},
	publisher={Elsevier}
}

@article{kanungo2002efficient,
	title={An efficient k-means clustering algorithm: Analysis and implementation},
	author={Kanungo, Tapas and Mount, David M and Netanyahu, Nathan S and Piatko, Christine D and Silverman, Ruth and Wu, Angela Y},
	journal={IEEE Transactions on Pattern Analysis \& Machine Intelligence},
	number={7},
	pages={881--892},
	year={2002},
	publisher={IEEE}
}

@article{kennedy2010particle,
	title={Particle swarm optimization},
	author={Kennedy, James},
	journal={Encyclopedia of machine learning},
	pages={760--766},
	year={2010},
	publisher={Springer}
}

@article{moser1999direct,
	title={Direct numerical simulation of turbulent channel flow up to Re $\tau$= 590},
	author={Moser, Robert D and Kim, John and Mansour, Nagi N},
	journal={Physics of fluids},
	volume={11},
	number={4},
	pages={943--945},
	year={1999},
	publisher={AIP}
}
@inproceedings{rasmussen2003gaussian,
	title={Gaussian processes in machine learning},
	author={Rasmussen, Carl Edward},
	booktitle={Summer School on Machine Learning},
	pages={63--71},
	year={2003},
	organization={Springer}
}

@inproceedings{rey1994niched,
	title={A niched Pareto genetic algorithm for multiobjective optimization},
	author={rey Horn, Je and Nafpliotis, Nicholas and Goldberg, David E},
	booktitle={Proceedings of the first IEEE conference on evolutionary computation, IEEE world congress on computational intelligence},
	volume={1},
	pages={82--87},
	year={1994},
	organization={Citeseer}
}

@inproceedings{shevlyakov2013robust,
	title={Robust versions of the Tukey boxplot with their application to detection of outliers},
	author={Shevlyakov, Georgy and Andrea, Kliton and Choudur, Lakshminarayan and Smirnov, Pavel and Ulanov, Alexander and Vassilieva, Natalia},
	booktitle={2013 IEEE International Conference on Acoustics, Speech and Signal Processing},
	pages={6506--6510},
	year={2013},
	organization={IEEE}
}

@inproceedings{sterling2019,
	title={Turbulence-parameter Estimation for Current-energy Converters Using Surrogate Model Optimization},
	author={Sterling S. Olson, Jack C.P. Su, H. Silva},
	year={2019}
}

@article{tseng2009coordinate,
	title={A coordinate gradient descent method for nonsmooth separable minimization},
	author={Tseng, Paul and Yun, Sangwoon},
	journal={Mathematical Programming},
	volume={117},
	number={1-2},
	pages={387--423},
	year={2009},
	publisher={Springer}
}

@article{van1992job,
	title={Job shop scheduling by simulated annealing},
	author={Van Laarhoven, Peter JM and Aarts, Emile HL and Lenstra, Jan Karel},
	journal={Operations research},
	volume={40},
	number={1},
	pages={113--125},
	year={1992},
	publisher={INFORMS}
}

@article{wang2001efficient,
	title={Efficient, multiple-range random walk algorithm to calculate the density of states},
	author={Wang, Fugao and Landau, DP},
	journal={Physical review letters},
	volume={86},
	number={10},
	pages={2050},
	year={2001},
	publisher={APS}
}

@inproceedings{yamazaki2010design,
	title={Design optimization utilizing Gradient/Hessian enhanced surrogate model},
	author={Yamazaki, Wataru and Rumpfkeil, Markus and Mavriplis, Dimitri},
	booktitle={28th AIAA Applied Aerodynamics Conference},
	pages={4363},
	year={2010}
}